@book{pattison1957beginnings,
  title={Beginnings of the American rectangular land survey system, 1784-1800},
  author={Pattison, William David and others},
  year={1957},
  address = {Chicago},
  publisher = {University of Chicago}
}

@article{liu2011broadscale,
  title={Broadscale variability in tree data of the historical Public Land Survey and its consequences for ecological studies},
  author={Liu, Feng and Mladenoff, David J and Keuler, Nicholas S and Moore, Lisa Schulte},
  journal={Ecological Monographs},
  volume={81},
  number={2},
  pages={259--275},
  year={2011},
  publisher={Eco Soc America}
}

@article{munoz2014defining,
  title={Defining the spatial patterns of historical land use associated with the indigenous societies of eastern {N}orth {A}merica},
  author={Munoz, Samuel E and Mladenoff, David J and Schroeder, Sissel and Williams, John W},
  journal={Journal of Biogeography},
  volume={41},
  number={12},
  pages={2195--2210},
  year={2014},
  publisher={Wiley Online Library}
}

@article{mladenoff2002narrowing,
  title={Narrowing Historical Uncertainty: Probabilistic Classification of Ambiguously Identified Tree Species in Historical Forest Survey Data},
  author={Mladenoff, David J and Dahir, Sally E and Nordheim, Eric V and Schulte, Lisa A and Guntenspergen, Glenn G},
  journal={Ecosystems},
  volume={5},
  number={6},
  pages={539--553},
  year={2002},
  publisher={Springer}
}

@article{transeau1935prairie,
  title={The prairie peninsula},
  author={Transeau, Edgar Nelson},
  journal={Ecology},
  volume={16},
  number={3},
  pages={423--437},
  year={1935},
  publisher={JSTOR}
}

@article{Blac:etal:2006,
  title={{N}ative {A}merican influences on the forest composition of the {A}llegheny {P}lateau, northwest {P}ennsylvania},
  author={Black, Bryan A and Ruffner, Charles M and Abrams, Marc D},
  journal={Canadian Journal of Forest Research},
  volume={36},
  number={5},
  pages={1266--1275},
  year={2006},
  publisher={NRC Research Press}
}

@Article{thompson2013four,
  Title                    = {Four centuries of change in northeastern {United States} forests},
  Author                   = {Thompson, Jonathan R and Carpenter, Dunbar N and Cogbill, Charles V and Foster, David R},
  Journal                  = {PLOS ONE},
  Year                     = {2013},
  Number                   = {9},
  Pages                    = {e72540},
  Volume                   = {8},

  Publisher                = {Public Library of Science}
}

@Article{goring2015composition,
  Title                    = {Changes in Forest Composition, Stem Density, and Biomass from the Settlement Era to Present in the upper {M}idwestern {U}nited {S}tates},
  Author                   = {Goring, Simon J and Williams, John W and Mladenoff, David J and Cogbill, Charlie V and Record, Sydne and Paciorek, Christopher J and Jackson, Stephen T and Dietze, Michael C and Matthes, Jaclyn H and McLachlan, Jason S},
  Journal                  = {submitted},
  Year                     = 2015,
  
}

@Article{schulte2001original,
  Title                    = {The original {US} public land survey records: their use and limitations in reconstructing presettlement vegetation},
  Author                   = {Schulte, Lisa A and Mladenoff, David J},
  Journal                  = {Journal of Forestry},
  Year                     = {2001},
  Number                   = {10},
  Pages                    = {5--10},
  Volume                   = {99},

  Publisher                = {Society of American Foresters}
}


@Article{bourdo1956review,
  Title                    = {A review of the General Land Office survey and of its use in quantitative studies of former forests},
  Author                   = {Bourdo, Eric A},
  Journal                  = {Ecology},
  Year                     = {1956},
  Volume = {37},
  Pages                    = {754--768},

  Publisher                = {JSTOR}
}


@Article{cogbill2002forests,
  Title                    = {The forests of presettlement New {England}, {USA}: spatial and compositional patterns based on town proprietor surveys},
  Author                   = {Cogbill, Charles V and Burk, John and Motzkin, G},
  Journal                  = {Journal of Biogeography},
  Year                     = {2002},
  Number                   = {10-11},
  Pages                    = {1279--1304},
  Volume                   = {29},

  Publisher                = {Wiley Online Library}
}

@Article{foster1998land,
  Title                    = {Land-use history as long-term broad-scale disturbance: regional forest dynamics in central {N}ew {England}},
  Author                   = {Foster, David R and Motzkin, Glenn and Slater, Benjamin},
  Journal                  = {Ecosystems},
  Year                     = {1998},
  Number                   = {1},
  Pages                    = {96--119},
  Volume                   = {1},

  Publisher                = {Springer}
}

@Article{rhemtulla2009legacies,
  Title                    = {Legacies of historical land use on regional forest composition and structure in {W}isconsin, {USA} (mid-1800{s}-1930{s}-2000{s})},
  Author                   = {Rhemtulla, Jeanine M and Mladenoff, David J and Clayton, Murray K},
  Journal                  = {Ecological Applications},
  Year                     = {2009},
  Number                   = {4},
  Pages                    = {1061--1078},
  Volume                   = {19},

  Publisher                = {Eco Soc America}
}

@Article{cogbill2015corrections,
  Title                    = {Estimation of robust correction factors for Public Land Survey Data},
  Author                   = {Cogbill, Charles V and Goring, Simon J and Thurman, Andrew},
  Year                     = 2015,
  Journal = {in prep.}
}

@Article{hanberry2012comparison,
  Title                    = {Comparison of historical and current forest surveys for detection of homogenization and mesophication of {M}innesota forests},
  Author                   = {Hanberry, Brice B and Palik, Brian J and He, Hong S},
  Journal                  = {Landscape ecology},
  Year                     = {2012},
  Number                   = {10},
  Pages                    = {1495--1512},
  Volume                   = {27},

  Publisher                = {Springer}
}

@Article{rhemtulla2009historical,
  Title                    = {Historical forest baselines reveal potential for continued carbon sequestration},
  Author                   = {Rhemtulla, Jeanine M and Mladenoff, David J and Clayton, Murray K},
  Journal                  = {Proceedings of the National Academy of Sciences},
  Year                     = {2009},
  Number                   = {15},
  Pages                    = {6082--6087},
  Volume                   = {106},

  Publisher                = {National Acad Sciences}
}

@Article{friedman2005regional,
  Title                    = {Regional legacies of logging: departure from presettlement forest conditions in northern {M}innesota},
  Author                   = {Friedman, Steven K and Reich, Peter B},
  Journal                  = {Ecological Applications},
  Year                     = {2005},
  Number                   = {2},
  Pages                    = {726--744},
  Volume                   = {15},

  Publisher                = {Eco Soc America}
}

@Article{gray2012forest,
  Title                    = {Forest Inventory and Analysis Database of the {United States} of {America} ({FIA})},
  Author                   = {Gray, Andrew N and Brandeis, Thomas J and Shaw, John D and McWilliams, William H and Miles, Patrick D and others},
  Journal                  = {Vegetation databases for the 21st century.--Biodiversity \& Ecology},
  Year                     = {2012},
  Pages                    = {255--264},
  Volume                   = {4}
}

@article{cressie2009accounting,
  title={Accounting for uncertainty in ecological analysis: the strengths and limitations of hierarchical statistical modeling},
  author={Cressie, Noel and Calder, Catherine A and Clark, James S and Hoef, Jay M Ver and Wikle, Christopher K},
  journal={Ecological Applications},
  volume={19},
  number={3},
  pages={553--570},
  year={2009},
  publisher={Eco Soc America}
}

@book{Whit:1996,
  title={From coastal wilderness to fruited plain: a history of environmental change in temperate {N}orth {A}merica from 1500 to the present},
  author={Whitney, Gordon G},
  year={1996},
  publisher={Cambridge University Press}
}